@Article{rogers:elements,
  author = 	 {John T. McArthur and A. U. Thor and Steve Rogers},
  title = 	 {Elements of {A}merica},
  journaltitle = {The Patriot},
  date = 	 {2013-09-01}}

@Manual{texbook,
  author =	{Donald Ervin Knuth},
  title =	{The \TeX Book},
  address =	{Reading},
  year = 	{1986}}

@Book{compandtype,
  author =	{Donald Ervin Knuth},
  title =	{Computers \& Typesetting},
  publisher =	{Addison-Wesley},
  address =	{Reading},
  year = 	{1986},
  descriptor =	{Typesetting},
  annote =	{Computer modern typefaces}}
